<record><leader>00000cas a22000007a 4500</leader><controlfield tag="001">13858368</controlfield><controlfield tag="008">860711d19311939njuwr ne      0    0eng d</controlfield><datafield ind1=" " ind2=" " tag="010"><subfield code="a">sn 86077118 </subfield></datafield><datafield ind1=" " ind2=" " tag="040"><subfield code="a">NPA</subfield><subfield code="b">eng</subfield><subfield code="c">NPA</subfield><subfield code="d">NJW</subfield><subfield code="d">DLC</subfield><subfield code="d">OCLCQ</subfield></datafield><datafield ind1=" " ind2=" " tag="042"><subfield code="a">msc</subfield></datafield><datafield ind1="0" ind2=" " tag="130"><subfield code="a">Labor news (Trenton, N.J.)</subfield></datafield><datafield ind1="1" ind2="4" tag="245"><subfield code="a">The labor news.</subfield></datafield><datafield ind1=" " ind2=" " tag="260"><subfield code="a">Trenton, N.J. :</subfield><subfield code="b">Labor News Pub. Co.</subfield></datafield><datafield ind1=" " ind2=" " tag="300"><subfield code="a">v. :</subfield><subfield code="b">ill.</subfield></datafield><datafield ind1=" " ind2=" " tag="310"><subfield code="a">Weekly</subfield></datafield><datafield ind1="1" ind2=" " tag="362"><subfield code="a">Began with Oct. 29, 1931 issue; ceased with Jan. 12, 1939 issue.</subfield></datafield><datafield ind1=" " ind2=" " tag="500"><subfield code="a">"Devoted to the interests of organized labor in Mercer County and Central New Jersey."</subfield></datafield><datafield ind1=" " ind2=" " tag="550"><subfield code="a">Official newspaper of the Central Labor Union of Mercer County.</subfield></datafield><datafield ind1=" " ind2=" " tag="588"><subfield code="a">Description based on: Vol. 1, no. 8 (Dec. 17, 1931).</subfield></datafield><datafield ind1="2" ind2=" " tag="710"><subfield code="a">Mercer County Central Labor Union (N.J.)</subfield></datafield><datafield ind1=" " ind2=" " tag="752"><subfield code="a">United States</subfield><subfield code="b">New Jersey</subfield><subfield code="c">Mercer</subfield><subfield code="d">Trenton.</subfield></datafield><datafield ind1="0" ind2="0" tag="785"><subfield code="t">Trenton news (Trenton, N.J.)</subfield></datafield><datafield ind1="1" ind2=" " tag="029"><subfield code="a">AU@</subfield><subfield code="b">000025807250</subfield></datafield></record>